<?xml version="1.0" encoding="UTF-8"?><collection xmlns="http://www.loc.gov/MARC21/slim"><record><leader>00491nam--2200169-i-4500</leader><controlfield tag="001">000011208</controlfield><controlfield tag="002">20161230</controlfield><controlfield tag="005">20170108122526</controlfield><controlfield tag="008">060222s1000------------r-----000-0-eng-d</controlfield><datafield ind1=" " ind2=" " tag="080"><subfield code="a">539.17(047)</subfield></datafield><datafield ind1=" " ind2=" " tag="100"><subfield code="a">Abarbanel, Henry D. I</subfield></datafield><datafield ind1=" " ind2=" " tag="245"><subfield code="a">A reggeon diagram technique for inclusive. processes in the triple regge limit</subfield></datafield><datafield ind1=" " ind2=" " tag="260"><subfield code="a">Batavia</subfield><subfield code="b">Fermi National Accelerator Lab</subfield><subfield code="c">1975</subfield></datafield><datafield ind1=" " ind2=" " tag="300"><subfield code="a">56 p.+23 Fig</subfield></datafield><datafield ind1=" " ind2=" " tag="490"><subfield code="a">Fermilab-publ</subfield></datafield><datafield ind1=" " ind2=" " tag="852"><subfield code="a">60079</subfield></datafield><datafield ind1=" " ind2=" " tag="CAT"><subfield code="a">SYS</subfield><subfield code="c">20170108</subfield><subfield code="h">122526</subfield></datafield></record></collection>